@article{edwards2017cell,
  title={Cell volume regulation in the proximal tubule of rat kidney},
  author={Edwards, Aur{\'e}lie and Layton, Anita T},
  journal={Bulletin of mathematical biology},
  volume={79},
  number={11},
  pages={2512--2533},
  year={2017},
  publisher={Springer}
}

@book{layton2014mathematical,
  title={Mathematical Modeling in Renal Physiology},
  author={Layton, Anita T and Edwards, Aur{\'e}lie},
  year={2014},
  publisher={Springer}
}